<?xml version="1.0" encoding="UTF-8"?><collection xmlns="http://www.loc.gov/MARC21/slim"><record><leader>00323nam--2200121-i-4500</leader><controlfield tag="001">000026873</controlfield><controlfield tag="002">20161230</controlfield><controlfield tag="005">20161230201036</controlfield><controlfield tag="008">060222s1000------------r-----000-0-eng-d</controlfield><datafield ind1=" " ind2=" " tag="100"><subfield code="a">Knodel, Walter</subfield></datafield><datafield ind1=" " ind2=" " tag="245"><subfield code="a">Programmieren von ziffernrechenanlagen</subfield></datafield><datafield ind1=" " ind2=" " tag="260"><subfield code="a">Wien, Springer-verlag, 1961, Viii + 202p., 18 Fig</subfield></datafield><datafield ind1=" " ind2=" " tag="852"><subfield code="a">18288</subfield></datafield></record></collection>